<?xml version="1.0" encoding="UTF-8"?><record xmlns="http://www.loc.gov/MARC21/slim" xmlns:cinclude="http://apache.org/cocoon/include/1.0" xmlns:zs="http://www.loc.gov/zing/srw/">
  <leader>00540nz  a2200157n  4500</leader>
  <controlfield tag="001">n  95047718 </controlfield>
  <controlfield tag="003">DLC</controlfield>
  <controlfield tag="005">19950513142530.3</controlfield>
  <controlfield tag="008">950513n| acannaab|          |a ana |||  </controlfield>
  <datafield tag="010" ind1=" " ind2=" ">
    <subfield code="a">n  95047718 </subfield>
  </datafield>
  <datafield tag="040" ind1=" " ind2=" ">
    <subfield code="a">DLC</subfield>
    <subfield code="c">DLC</subfield>
  </datafield>
  <datafield tag="110" ind1="1" ind2="0">
    <subfield code="a">Canada.</subfield>
    <subfield code="b">Environmental Citizenship</subfield>
  </datafield>
  <datafield tag="410" ind1="1" ind2="0">
    <subfield code="a">Canada.</subfield>
    <subfield code="b">Environment Canada.</subfield>
    <subfield code="b">Environmental Citizenship</subfield>
  </datafield>
  <datafield tag="410" ind1="1" ind2="0">
    <subfield code="a">Canada.</subfield>
    <subfield code="b">Ecocivisme</subfield>
  </datafield>
  <datafield tag="670" ind1=" " ind2=" ">
    <subfield code="a">Federal waste reduction perspectives, c1993:</subfield>
    <subfield code="b">t.p. (Environmental Citizenship = Ecocivisme)</subfield>
  </datafield>
  <datafield tag="670" ind1=" " ind2=" ">
    <subfield code="a">NLC, 1994:</subfield>
    <subfield code="b">(hdg.: Canada. Environmental Citizenship)</subfield>
  </datafield>
</record>